@article{talagala2020anomaly,
  title={Anomaly detection in streaming nonstationary temporal data},
  author={Talagala, Priyanga Dilini and Hyndman, Rob J and Smith-Miles, Kate and Kandanaarachchi, Sevvandi and Mu{\~n}oz, Mario A},
  journal={Journal of Computational and Graphical Statistics},
  volume={29},
  number={1},
  pages={13--27},
  year={2020},
  publisher={Taylor \& Francis}
}



