@article{talagala2019feature,
  title={A feature-based procedure for detecting technical outliers in water-quality data from in situ sensors},
  author={Talagala, Priyanga Dilini and Hyndman, Rob J and Leigh, Catherine and Mengersen, Kerrie and Smith-Miles, Kate},
  journal={Water Resources Research},
  volume={55},
  number={11},
  pages={8547--8568},
  year={2019},
  publisher={Wiley Online Library}
}


