@misc{TalagalaResponsibleAI,
  author = "Talagala, Priyanga Dilini",
  title = "Responsible AI: The talk of the Town",
  month = "February",
  year = "2021. [Online]",
  howpublished = "ComSpective the ICT Technical Magazine", 
  url = "http://www.comspective.sab.ac.lk/magazine/#page/18"
}