@article{talagala2020anomaly,
  title={Anomaly detection in high dimensional data},
  author={Talagala, Priyanga Dilini and Hyndman, Rob J and Smith-Miles, Kate},
  journal={Journal of Computational and Graphical Statistics},
  number={just-accepted},
  pages={1--32},
  year={2020},
  publisher={Taylor \& Francis}
}
